<record><leader>00000cas a22000007a 4500</leader><controlfield tag="001">15229659</controlfield><controlfield tag="008">870223d18791891gauwr ne      0    0eng d</controlfield><datafield ind1=" " ind2=" " tag="010"><subfield code="a">sn 87090007 </subfield></datafield><datafield ind1=" " ind2=" " tag="040"><subfield code="a">PPM</subfield><subfield code="b">eng</subfield><subfield code="c">PPM</subfield><subfield code="d">NLG</subfield><subfield code="d">GUA</subfield><subfield code="d">OCLCQ</subfield><subfield code="d">OCLCF</subfield><subfield code="d">OCLCO</subfield></datafield><datafield ind1="1" ind2=" " tag="029"><subfield code="a">AU@</subfield><subfield code="b">000025819549</subfield></datafield><datafield ind1=" " ind2=" " tag="042"><subfield code="a">msc</subfield></datafield><datafield ind1=" " ind2=" " tag="043"><subfield code="a">n-us-ga</subfield></datafield><datafield ind1="0" ind2=" " tag="130"><subfield code="a">North Georgia times (Spring Place, Ga.)</subfield></datafield><datafield ind1="1" ind2="0" tag="245"><subfield code="a">North Georgia times.</subfield></datafield><datafield ind1=" " ind2=" " tag="260"><subfield code="a">Spring Place, Ga. :</subfield><subfield code="b">W.T. Hamby &amp; W.C. Martin,</subfield><subfield code="c">[1879]-1891.</subfield></datafield><datafield ind1=" " ind2=" " tag="300"><subfield code="a">v.</subfield></datafield><datafield ind1=" " ind2=" " tag="310"><subfield code="a">Weekly</subfield></datafield><datafield ind1="1" ind2=" " tag="362"><subfield code="a">Began in 1879.</subfield></datafield><datafield ind1="0" ind2=" " tag="362"><subfield code="a">-v. 11 New ser., no. 17 (May 28, 1891).</subfield></datafield><datafield ind1=" " ind2=" " tag="500"><subfield code="a">Publishers: W.T. Hamby &amp; W.C. Martin, &lt;1885&gt;; C.N. King &amp; S.B. Carter, &lt;1889&gt;-Apr. 23, 1891; S.B. Carter &amp; J.C. Heartsell, Apr. 30, 1891-May 28, 1891.</subfield></datafield><datafield ind1=" " ind2=" " tag="530"><subfield code="a">Also on microfilm: Athens, Ga. : University of Georgia Libraries.</subfield></datafield><datafield ind1=" " ind2=" " tag="588"><subfield code="a">Description based on: Vol. 4, New ser., no. 49 (Jan. 15, 1885).</subfield></datafield><datafield ind1=" " ind2="0" tag="651"><subfield code="a">Murray County (Ga.)</subfield><subfield code="v">Newspapers.</subfield></datafield><datafield ind1=" " ind2="7" tag="655"><subfield code="a">Newspapers.</subfield><subfield code="2">fast</subfield><subfield code="0">(OCoLC)fst01423814</subfield></datafield><datafield ind1=" " ind2="7" tag="651"><subfield code="a">Georgia</subfield><subfield code="z">Murray County.</subfield><subfield code="2">fast</subfield><subfield code="0">(OCoLC)fst01218675</subfield></datafield><datafield ind1=" " ind2=" " tag="752"><subfield code="a">United States</subfield><subfield code="b">Georgia</subfield><subfield code="c">Murray</subfield><subfield code="d">Spring Place.</subfield></datafield><datafield ind1="0" ind2="0" tag="785"><subfield code="t">Spring Place jimplecute</subfield><subfield code="w">(DLC)sn 89053503</subfield><subfield code="w">(OCoLC)20150646</subfield></datafield></record>